<record><leader>00000cas a22000007a 4500</leader><controlfield tag="001">49328389</controlfield><controlfield tag="008">020316c20019999inuwr ne      0    0eng d</controlfield><datafield ind1=" " ind2=" " tag="010"><subfield code="a">sn2007059058</subfield><subfield code="z">sn2002062404</subfield></datafield><datafield ind1=" " ind2=" " tag="040"><subfield code="a">NPI</subfield><subfield code="b">eng</subfield><subfield code="c">NPI</subfield><subfield code="d">DLC</subfield><subfield code="d">OCLCF</subfield><subfield code="d">OCLCO</subfield></datafield><datafield ind1=" " ind2=" " tag="042"><subfield code="a">msc</subfield></datafield><datafield ind1=" " ind2=" " tag="043"><subfield code="a">n-us-in</subfield></datafield><datafield ind1="0" ind2=" " tag="130"><subfield code="a">Carmel topics (Fishers, Ind. : 2001)</subfield></datafield><datafield ind1="0" ind2="0" tag="245"><subfield code="a">Carmel topics.</subfield></datafield><datafield ind1=" " ind2=" " tag="260"><subfield code="a">Fishers, IN :</subfield><subfield code="b">David Lewis,</subfield><subfield code="c">2001-</subfield></datafield><datafield ind1=" " ind2=" " tag="300"><subfield code="a">v. :</subfield><subfield code="b">ill.</subfield></datafield><datafield ind1=" " ind2=" " tag="310"><subfield code="a">Weekly</subfield></datafield><datafield ind1="0" ind2=" " tag="362"><subfield code="a">Jan. 3, 2001-</subfield></datafield><datafield ind1=" " ind2="0" tag="651"><subfield code="a">Carmel (Ind.)</subfield><subfield code="v">Newspapers.</subfield></datafield><datafield ind1=" " ind2="7" tag="655"><subfield code="a">Newspapers.</subfield><subfield code="2">fast</subfield><subfield code="0">(OCoLC)fst01423814</subfield></datafield><datafield ind1=" " ind2="7" tag="651"><subfield code="a">Indiana</subfield><subfield code="z">Carmel.</subfield><subfield code="2">fast</subfield><subfield code="0">(OCoLC)fst01216661</subfield></datafield><datafield ind1=" " ind2=" " tag="752"><subfield code="a">United States</subfield><subfield code="b">Indiana</subfield><subfield code="c">Hamilton</subfield><subfield code="d">Fishers.</subfield></datafield><datafield ind1="0" ind2="0" tag="780"><subfield code="t">Carmel news-tribune</subfield><subfield code="w">(DLC)sn 87055399</subfield><subfield code="w">(OCoLC)15131829</subfield></datafield></record>